<?xml version="1.0" encoding="UTF-8"?><collection xmlns="http://www.loc.gov/MARC21/slim"><record><leader>00626nam--2200193-u-4500</leader><controlfield tag="001">000053761</controlfield><controlfield tag="002">20161230</controlfield><controlfield tag="005">20161230201051</controlfield><controlfield tag="008">110603s1000------------r-----000-0-rum-d</controlfield><datafield ind1=" " ind2=" " tag="040"><subfield code="a">IFIN-HH</subfield></datafield><datafield ind1=" " ind2=" " tag="041"><subfield code="a">rum</subfield></datafield><datafield ind1=" " ind2=" " tag="080"><subfield code="a">536.7</subfield></datafield><datafield ind1="1" ind2=" " tag="100"><subfield code="a">Calalb, Mihail Gh</subfield></datafield><datafield ind1="1" ind2="0" tag="245"><subfield code="a">Oscilatii colective in sistemem supraconductibile - multibanda native, si proprietatile lor termodinamice</subfield><subfield code="b">Rezumatul tezei</subfield><subfield code="c">Mihail gh. calalb</subfield></datafield><datafield ind1=" " ind2=" " tag="260"><subfield code="a">Chisinau</subfield><subfield code="b">Academia De Stiinte A Republicii Moldova</subfield><subfield code="c">1997</subfield></datafield><datafield ind1=" " ind2=" " tag="300"><subfield code="a">28P</subfield></datafield><datafield ind1=" " ind2=" " tag="502"><subfield code="a">Conducator Stiintific: Maria E. Palistrant</subfield></datafield><datafield ind1=" " ind2=" " tag="852"><subfield code="a">80909</subfield><subfield code="c">536.7</subfield></datafield><datafield ind1=" " ind2=" " tag="CAT"><subfield code="a">Sys</subfield><subfield code="c">20110603</subfield><subfield code="h">133952</subfield></datafield></record></collection>